@article{Nojiri:2010dk,
      author         = "Nojiri, Mihoko M. and Sakurai, Kazuki and Webber, Bryan
                        R.",
      title          = "{Reconstructing particle masses from pairs of decay
                        chains}",
      journal        = "JHEP",
      volume         = "1006",
      pages          = "069",
      doi            = "10.1007/JHEP06(2010)069",
      year           = "2010",
      eprint         = "1005.2532",
      archivePrefix  = "arXiv",
      primaryClass   = "hep-ph",
      reportNumber   = "CAVENDISH-HEP-10-09, DAMTP-2010-38, IPMU-10-0081,
                        KEK-TH-1362",
      SLACcitation   = "%%CITATION = ARXIV:1005.2532;%%",
}
@article{Webber:2009vm,
      author         = "Webber, Bryan",
      title          = "{Mass determination in sequential particle decay chains}",
      journal        = "JHEP",
      volume         = "0909",
      pages          = "124",
      doi            = "10.1088/1126-6708/2009/09/124",
      year           = "2009",
      eprint         = "0907.5307",
      archivePrefix  = "arXiv",
      primaryClass   = "hep-ph",
      reportNumber   = "CAVENDISH-HEP-09-13",
      SLACcitation   = "%%CITATION = ARXIV:0907.5307;%%",
}
@article{Kawagoe:2004rz,
      author         = "Kawagoe, K. and Nojiri, M.M. and Polesello, G.",
      title          = "{A New SUSY mass reconstruction method at the CERN LHC}",
      journal        = "Phys.Rev.",
      volume         = "D71",
      pages          = "035008",
      doi            = "10.1103/PhysRevD.71.035008",
      year           = "2005",
      eprint         = "hep-ph/0410160",
      archivePrefix  = "arXiv",
      primaryClass   = "hep-ph",
      reportNumber   = "YITP-04-49",
      SLACcitation   = "%%CITATION = HEP-PH/0410160;%%",
}
@article{Nojiri:2007pq,
      author         = "Nojiri, Mihoko M. and Polesello, Giacomo and Tovey,
                        Daniel R.",
      title          = "{A Hybrid method for determining SUSY particle masses at
                        the LHC with fully identified cascade decays}",
      journal        = "JHEP",
      volume         = "0805",
      pages          = "014",
      doi            = "10.1088/1126-6708/2008/05/014",
      year           = "2008",
      eprint         = "0712.2718",
      archivePrefix  = "arXiv",
      primaryClass   = "hep-ph",
      reportNumber   = "KEK-TH-1207, PMU-07-0008",
      SLACcitation   = "%%CITATION = ARXIV:0712.2718;%%",
}
@article{Corcella:2000bw,
      author         = "Corcella, G. and Knowles, I.G. and Marchesini, G. and
                        Moretti, S. and Odagiri, K. and others",
      title          = "{HERWIG 6: An Event generator for hadron emission
                        reactions with interfering gluons (including
                        supersymmetric processes)}",
      journal        = "JHEP",
      volume         = "0101",
      pages          = "010",
      doi            = "10.1088/1126-6708/2001/01/010",
      year           = "2001",
      eprint         = "hep-ph/0011363",
      archivePrefix  = "arXiv",
      primaryClass   = "hep-ph",
      reportNumber   = "CAVENDISH-HEP-99-03, CERN-TH-2000-284, RAL-TR-2000-048",
      SLACcitation   = "%%CITATION = HEP-PH/0011363;%%",
}
@article{Moretti:2002eu,
      author         = "Moretti, Stefano and Odagiri, Kosuke and Richardson,
                        Peter and Seymour, Michael H. and Webber, Bryan R.",
      title          = "{Implementation of supersymmetric processes in the HERWIG
                        event generator}",
      journal        = "JHEP",
      volume         = "0204",
      pages          = "028",
      doi            = "10.1088/1126-6708/2002/04/028",
      year           = "2002",
      eprint         = "hep-ph/0204123",
      archivePrefix  = "arXiv",
      primaryClass   = "hep-ph",
      reportNumber   = "CAVENDISH-HEP-02-03, CERN-TH-2001-177, DAMTP-2002-34,
                        DCPT-01-102, IPPP-01-51, KEK-TH-812",
      SLACcitation   = "%%CITATION = HEP-PH/0204123;%%",
}
@article{Pukhov:1999gg,
      author         = "Pukhov, A. and Boos, E. and Dubinin, M. and Edneral, V.
                        and Ilyin, V. and others",
      title          = "{CompHEP: A Package for evaluation of Feynman diagrams
                        and integration over multiparticle phase space}",
      year           = "1999",
      eprint         = "hep-ph/9908288",
      archivePrefix  = "arXiv",
      primaryClass   = "hep-ph",
      reportNumber   = "INP-MSU-98-41-542",
      SLACcitation   = "%%CITATION = HEP-PH/9908288;%%",
}
@article{Allanach:2002nj,
      author         = "Allanach, B.C. and Battaglia, M. and Blair, G.A. and
                        Carena, Marcela S. and De Roeck, A. and others",
      title          = "{The Snowmass points and slopes: Benchmarks for SUSY
                        searches}",
      journal        = "Eur.Phys.J.",
      volume         = "C25",
      pages          = "113-123",
      doi            = "10.1007/s10052-002-0949-3",
      year           = "2002",
      eprint         = "hep-ph/0202233",
      archivePrefix  = "arXiv",
      primaryClass   = "hep-ph",
      reportNumber   = "SLAC-PUB-9134, BNL-HET-02-6, CERN-TH-2002-020,
                        DCPT-02-16, DESY-02-022, FERMILAB-CONF-02-011-T,
                        HEPHY-PUB-751, IPPP-02-08, PM-01-69, UCD-2002-01,
                        UFIFT-HEP-02-2, UMN-TH-2043-02, ZU-TH-3-02,
                        SNOWMASS-2001-P125",
      SLACcitation   = "%%CITATION = HEP-PH/0202233;%%",
}
@article{Allanach:2001kg,
      author         = "Allanach, B.C.",
      title          = "{SOFTSUSY: a program for calculating supersymmetric
                        spectra}",
      journal        = "Comput.Phys.Commun.",
      volume         = "143",
      pages          = "305-331",
      doi            = "10.1016/S0010-4655(01)00460-X",
      year           = "2002",
      eprint         = "hep-ph/0104145",
      archivePrefix  = "arXiv",
      primaryClass   = "hep-ph",
      reportNumber   = "CERN-TH-2001-102",
      SLACcitation   = "%%CITATION = HEP-PH/0104145;%%",
}
@article{Batzing:2013,
      author         = "B{\"a}tzing, Paul and Raklev, Are",
      title          = "{Lecture notes for FYS5190/FYS9190 -- Supersymmetry}",
      year           = "2013"
}
@article{RichterWas:2002ch,
      author         = "Richter-Was, Elzbieta",
      title          = "{AcerDET: A Particle level fast simulation and
                        reconstruction package for phenomenological studies on
                        high p(T) physics at LHC}",
      year           = "2002",
      eprint         = "hep-ph/0207355",
      archivePrefix  = "arXiv",
      primaryClass   = "hep-ph",
      reportNumber   = "ICSJU-004-2002, TPJU-14-2002",
      SLACcitation   = "%%CITATION = HEP-PH/0207355;%%",
}
@article{Bahr:2008pv,
      author         = "Bahr, M. and Gieseke, S. and Gigg, M.A. and Grellscheid,
                        D. and Hamilton, K. and others",
      title          = "{Herwig++ Physics and Manual}",
      journal        = "Eur.Phys.J.",
      volume         = "C58",
      pages          = "639-707",
      doi            = "10.1140/epjc/s10052-008-0798-9",
      year           = "2008",
      eprint         = "0803.0883",
      archivePrefix  = "arXiv",
      primaryClass   = "hep-ph",
      reportNumber   = "CERN-PH-TH-2008-038, CAVENDISH-HEP-08-03, KA-TP-05-2008,
                        DCPT-08-22, IPPP-08-11, CP3-08-05",
      SLACcitation   = "%%CITATION = ARXIV:0803.0883;%%",
}
@article{Skands:2003cj,
      author         = "Skands, Peter Z. and Allanach, B.C. and Baer, H. and
                        Balazs, C. and Belanger, G. and others",
      title          = "{SUSY Les Houches accord: Interfacing SUSY spectrum
                        calculators, decay packages, and event generators}",
      journal        = "JHEP",
      volume         = "0407",
      pages          = "036",
      doi            = "10.1088/1126-6708/2004/07/036",
      year           = "2004",
      eprint         = "hep-ph/0311123",
      archivePrefix  = "arXiv",
      primaryClass   = "hep-ph",
      reportNumber   = "LU-TP-03-39, SHEP-03-24, CERN-TH-2003-204, ZU-TH-15-03,
                        LMU-19-03, DCPT-03-108, IPPP-03-54, CTS-IISC-2003-07,
                        DESY-03-166, MPP-2003-111",
      SLACcitation   = "%%CITATION = HEP-PH/0311123;%%",
}
@article{Alwall:2014hca,
      author         = "Alwall, J. and Frederix, R. and Frixione, S. and Hirschi,
                        V. and Maltoni, F. and others",
      title          = "{The automated computation of tree-level and
                        next-to-leading order differential cross sections, and
                        their matching to parton shower simulations}",
      journal        = "JHEP",
      volume         = "1407",
      pages          = "079",
      doi            = "10.1007/JHEP07(2014)079",
      year           = "2014",
      eprint         = "1405.0301",
      archivePrefix  = "arXiv",
      primaryClass   = "hep-ph",
      reportNumber   = "CERN-PH-TH-2014-064, CP3-14-18, LPN14-066, MCNET-14-09,
                        ZU-TH-14-14",
      SLACcitation   = "%%CITATION = ARXIV:1405.0301;%%",
}

@article{Cacciari:2011ma,
      author         = "Cacciari, Matteo and Salam, Gavin P. and Soyez, Gregory",
      title          = "{FastJet User Manual}",
      journal        = "Eur.Phys.J.",
      volume         = "C72",
      pages          = "1896",
      doi            = "10.1140/epjc/s10052-012-1896-2",
      year           = "2012",
      eprint         = "1111.6097",
      archivePrefix  = "arXiv",
      primaryClass   = "hep-ph",
      reportNumber   = "CERN-PH-TH-2011-297",
      SLACcitation   = "%%CITATION = ARXIV:1111.6097;%%",
}

@article{Allanach:2014gsa,
      author         = "Allanach, Ben and Raklev, Are R. and Kvellestad, Anders",
      title          = "{Interpreting a CMS $lljjp_T^{\rm miss}$ Excess With the
                        Golden Cascade of the MSSM}",
      year           = "2014",
      eprint         = "1409.3532",
      archivePrefix  = "arXiv",
      primaryClass   = "hep-ph",
      reportNumber   = "DAMTP-2014-52",
      SLACcitation   = "%%CITATION = ARXIV:1409.3532;%%",
}

@article{CMS:2014jfa,
      author         = "CMS Collaboration",
      title          = "{Search for physics beyond the standard model in events
                        with two opposite-sign same-flavor leptons, jets, and
                        missing transverse energy in pp collisions at sqrt[s] = 8
                        TeV}",
      collaboration  = "CMS Collaboration",
      year           = "2014",
      reportNumber   = "CMS-PAS-SUS-12-019",
      SLACcitation   = "%%CITATION = CMS-PAS-SUS-12-019 ETC.;%%",
}

@Misc{PyMinuit,
      title = "PyMinuit",
      howpublished = "\url{https://code.google.com/p/pyminuit/}",
      note = "[Online; accessed 27-nov-2014]"
}

@article{James:1975dr,
      author         = "James, F. and Roos, M.",
      title          = "{Minuit: A System for Function Minimization and Analysis
                        of the Parameter Errors and Correlations}",
      journal        = "Comput.Phys.Commun.",
      volume         = "10",
      pages          = "343-367",
      doi            = "10.1016/0010-4655(75)90039-9",
      year           = "1975",
      reportNumber   = "CERN-DD-75-20",
      SLACcitation   = "%%CITATION = CPHCB,10,343;%%",
}
@article{Djouadi:2006bz,
      author         = "Djouadi, A. and Muhlleitner, M.M. and Spira, M.",
      title          = "{Decays of supersymmetric particles: The Program SUSY-HIT
                        (SUspect-SdecaY-Hdecay-InTerface)}",
      journal        = "Acta Phys.Polon.",
      volume         = "B38",
      pages          = "635-644",
      year           = "2007",
      eprint         = "hep-ph/0609292",
      archivePrefix  = "arXiv",
      primaryClass   = "hep-ph",
      reportNumber   = "CERN-PH-TH-2006-200",
      SLACcitation   = "%%CITATION = HEP-PH/0609292;%%",
}
@Misc{SciPy,
  author =    {Eric Jones and Travis Oliphant and Pearu Peterson and others},
  title =     {{SciPy}: Open source scientific tools for {Python}},
  year =      {2001--},
  url = "http://www.scipy.org/",
  note = {[Online; accessed 2014-12-02]}
}
@article{Kraft:1988,
  author = {Kraft, D.},
  title =  {A software package for sequential quadratic programming} ,
  year = "1988",
  journal =  {Tech. Rep. DFVLR-FB 88-28, DLR German Aerospace Center – Institute for Flight Mechanics, Koln, Germany.}
}
@article{Nash:1984,
  author = {Nash, S G},
  title= {Newton-Type Minimization Via the Lanczos Method},
  year = "1984",
  journal = {SIAM Journal of Numerical Analysis 21: 770-778.}
}
@article{Binosi:2003yf,
      author         = "Binosi, D. and Theussl, L.",
      title          = "{JaxoDraw: A Graphical user interface for drawing Feynman
                        diagrams}",
      journal        = "Comput.Phys.Commun.",
      volume         = "161",
      pages          = "76-86",
      doi            = "10.1016/j.cpc.2004.05.001",
      year           = "2004",
      eprint         = "hep-ph/0309015",
      archivePrefix  = "arXiv",
      primaryClass   = "hep-ph",
      reportNumber   = "FTUV-03-0902",
      SLACcitation   = "%%CITATION = HEP-PH/0309015;%%",
}